<?xml version="1.0" encoding="UTF-8"?><record xmlns="http://www.loc.gov/MARC21/slim" xmlns:cinclude="http://apache.org/cocoon/include/1.0" xmlns:zs="http://www.loc.gov/zing/srw/">
  <leader>00518cz  a2200145n  4500</leader>
  <controlfield tag="001">n  82014863 </controlfield>
  <controlfield tag="003">DLC</controlfield>
  <controlfield tag="005">20090116080223.0</controlfield>
  <controlfield tag="008">820210n| acannaabn          |a ana      </controlfield>
  <datafield tag="010" ind1=" " ind2=" ">
    <subfield code="a">n  82014863 </subfield>
  </datafield>
  <datafield tag="035" ind1=" " ind2=" ">
    <subfield code="a">(OCoLC)oca00712114</subfield>
  </datafield>
  <datafield tag="040" ind1=" " ind2=" ">
    <subfield code="a">DLC</subfield>
    <subfield code="b">eng</subfield>
    <subfield code="c">DLC</subfield>
    <subfield code="d">OCoLC</subfield>
  </datafield>
  <datafield tag="110" ind1="2" ind2=" ">
    <subfield code="a">San Diego Rotary Club 33</subfield>
  </datafield>
  <datafield tag="410" ind1="2" ind2=" ">
    <subfield code="a">San Diego Rotary Club Number 33</subfield>
  </datafield>
  <datafield tag="670" ind1=" " ind2=" ">
    <subfield code="a">Howard, J.L. A history of San Diego Rotary Club 33, 1911-1981, c1981 (subj.)</subfield>
    <subfield code="b">CIP t.p. (San Diego Rotary Club 33) verso CIP t.p. (San Diego Rotary Club Number 33)</subfield>
  </datafield>
</record>